
@book{ref2,
	title={Alfabetos, símbolos y cadenas},
	author={Edgardo A.Franco Martinez},
	url={http://eafranco.com/docencia/teoriacomputacional/files/03/Clase_03.pdf}
}

@online{ref1,
	title = {Palíndromos},
	year = 2017,
	url = {http://www.letraslibres.com/sitesConvivio-zaid-esp.pdf},
	urldate = {2017-06-22}
}